@book{oulasvirta2018,
  title={Computational interaction},
  author={Oulasvirta, Antti and Kristensson, Per Ola and Bi, Xiaojun and Howes, Andrew},
  year={2018},
  publisher={Oxford University Press}
}

@book{simon1996,
  title={The sciences of the artificial},
  author={Simon, Herbert A},
  year={1996},
  publisher={MIT press}
}

@article{abras2004,
  title={User-centered design},
  author={Abras, Chadia and Maloney-Krichmar, Diane and Preece, Jenny and others},
  journal={Bainbridge, W. Encyclopedia of Human-Computer Interaction. Thousand Oaks: Sage Publications},
  volume={37},
  number={4},
  pages={445--456},
  year={2004}
}

@inproceedings{liao2021,
  title={Computational Workflows for Designing Input Devices},
  author={Liao, Yi-Chi},
  booktitle={Extended Abstracts of the 2021 CHI Conference on Human Factors in Computing Systems},
  pages={1--6},
  year={2021}
}

@inproceedings{liu2017,
  title={Bignav: Bayesian information gain for guiding multiscale navigation},
  author={Liu, Wanyu and d'Oliveira, Rafael Lucas and Beaudouin-Lafon, Michel and Rioul, Olivier},
  booktitle={Proceedings of the 2017 CHI Conference on Human Factors in Computing Systems},
  pages={5869--5880},
  year={2017}
}

@inproceedings{liu2018,
  title={BIGFile: Bayesian information gain for fast file retrieval},
  author={Liu, Wanyu and Rioul, Olivier and Mcgrenere, Joanna and Mackay, Wendy E and Beaudouin-Lafon, Michel},
  booktitle={Proceedings of the 2018 CHI Conference on Human Factors in Computing Systems},
  pages={1--13},
  year={2018}
}

@inproceedings{todi2021,
  title={Adapting user interfaces with model-based reinforcement learning},
  author={Todi, Kashyap and Bailly, Gilles and Leiva, Luis and Oulasvirta, Antti},
  booktitle={Proceedings of the 2021 CHI Conference on Human Factors in Computing Systems},
  pages={1--13},
  year={2021}
}

@article{oulasvirta2021,
  title={Counterfactual Thinking: What Theories Do in Design},
  author={Oulasvirta, Antti and Hornb{\ae}k, Kasper},
  journal={International Journal of Human--Computer Interaction},
  pages={1--15},
  year={2021},
  publisher={Taylor \& Francis}
}

@article{gori2020,
  title={A feedback information-theoretic transmission scheme (FITTS) for modeling trajectory variability in aimed movements},
  author={Gori, Julien and Rioul, Olivier},
  journal={Biological Cybernetics},
  volume={114},
  number={6},
  pages={621--641},
  year={2020},
  publisher={Springer}


@inproceedings{acharya2017,
  title={Human Visual Search as a Deep Reinforcement Learning Solution to a POMDP.},
  author={Acharya, Aditya and Chen, Xiuli and Myers, Christopher W and Lewis, Richard L and Howes, Andrew},
  booktitle={CogSci},
  year={2017}
}

@inproceedings{chen2021,
  title={An adaptive model of gaze-based selection},
  author={Chen, Xiuli and Acharya, Aditya and Oulasvirta, Antti and Howes, Andrew},
  booktitle={Proceedings of the 2021 CHI Conference on Human Factors in Computing Systems},
  pages={1--11},
  year={2021}
}

@inproceedings{liu2020,
  title={How Relevant is Hick's Law for HCI?},
  author={Liu, Wanyu and Gori, Julien and Rioul, Olivier and Beaudouin-Lafon, Michel and Guiard, Yves},
  booktitle={Proceedings of the 2020 CHI Conference on Human Factors in Computing Systems},
  pages={1--11},
  year={2020}
}

@inproceedings{jokinen2021,
  title={Touchscreen typing as optimal supervisory control},
  author={Jokinen, Jussi and Acharya, Aditya and Uzair, Mohammad and Jiang, Xinhui and Oulasvirta, Antti},
  booktitle={Proceedings of the 2021 CHI Conference on Human Factors in Computing Systems},
  pages={1--14},
  year={2021}
}

@article{dafoe2020,
  title={Open problems in cooperative AI},
  author={Dafoe, Allan and Hughes, Edward and Bachrach, Yoram and Collins, Tantum and McKee, Kevin R and Leibo, Joel Z and Larson, Kate and Graepel, Thore},
  journal={arXiv preprint arXiv:2012.08630},
  year={2020}
}

@inproceedings{koch2019,
  title={May AI? Design ideation with cooperative contextual bandits},
  author={Koch, Janin and Lucero, Andr{\'e}s and Hegemann, Lena and Oulasvirta, Antti},
  booktitle={Proceedings of the 2019 CHI Conference on Human Factors in Computing Systems},
  pages={1--12},
  year={2019}
}

@inproceedings{langerak2020,
  title={Optimal control for electromagnetic haptic guidance systems},
  author={Langerak, Thomas and Z{\'a}rate, Juan Jos{\'e} and Vechev, Velko and Lindlbauer, David and Panozzo, Daniele and Hilliges, Otmar},
  booktitle={Proceedings of the 33rd Annual ACM Symposium on User Interface Software and Technology},
  pages={951--965},
  year={2020}
}

@article{oulasvirta2020,
  title={Combinatorial optimization of graphical user interface designs},
  author={Oulasvirta, Antti and Dayama, Niraj Ramesh and Shiripour, Morteza and John, Maximilian and Karrenbauer, Andreas},
  journal={Proceedings of the IEEE},
  volume={108},
  number={3},
  pages={434--464},
  year={2020},
  publisher={IEEE}
}

@inproceedings{blackwell2015,
  title={HCI as an Inter-Discipline},
  author={Blackwell, Alan F},
  booktitle={Proceedings of the 33rd Annual ACM Conference Extended Abstracts on Human Factors in Computing Systems},
  pages={503--516},
  year={2015}
}

@inproceedings{liu2014,
  title={CHI 1994-2013: Mapping two decades of intellectual progress through co-word analysis},
  author={Liu, Yong and Goncalves, Jorge and Ferreira, Denzil and Xiao, Bei and Hosio, Simo and Kostakos, Vassilis},
  booktitle={Proceedings of the SIGCHI conference on human factors in computing systems},
  pages={3553--3562},
  year={2014}
}

@article{rendle2019,
  title={On the difficulty of evaluating baselines: A study on recommender systems},
  author={Rendle, Steffen and Zhang, Li and Koren, Yehuda},
  journal={arXiv preprint arXiv:1905.01395},
  year={2019}
}

@inproceedings{kobayashi2008,
  title={Ninja cursors: using multiple cursors to assist target acquisition on large screens},
  author={Kobayashi, Masatomo and Igarashi, Takeo},
  booktitle={Proceedings of the SIGCHI Conference on Human Factors in Computing Systems},
  pages={949--958},
  year={2008}
}

@article{gori2018tochi,
  title={Speed-accuracy tradeoff: A formal information-theoretic transmission scheme (fitts)},
  author={Gori, Julien and Rioul, Olivier and Guiard, Yves},
  journal={ACM Transactions on Computer-Human Interaction (TOCHI)},
  volume={25},
  number={5},
  pages={1--33},
  year={2018},
  publisher={ACM New York, NY, USA}
}

@inproceedings{blanch2011,
  title={Benchmarking pointing techniques with distractors: adding a density factor to Fitts' pointing paradigm},
  author={Blanch, Renaud and Ortega, Michael},
  booktitle={Proceedings of the SIGCHI Conference on Human Factors in Computing Systems},
  pages={1629--1638},
  year={2011}
}

@article{soukoreff2004,
  title={Towards a standard for pointing device evaluation, perspectives on 27 years of Fittsâ€™ law research in HCI},
  author={Soukoreff, R William and MacKenzie, I Scott},
  journal={International journal of human-computer studies},
  volume={61},
  number={6},
  pages={751--789},
  year={2004},
  publisher={Elsevier}
}

@inproceedings{lin2019,
  title={The neural hype and comparisons against weak baselines},
  author={Lin, Jimmy},
  booktitle={ACM SIGIR Forum},
  volume={52},
  number={2},
  pages={40--51},
  year={2019},
  organization={ACM New York, NY, USA}
}

@article{terry2020,
  title={Pettingzoo: Gym for multi-agent reinforcement learning},
  author={Terry, Justin K and Black, Benjamin and Jayakumar, Mario and Hari, Ananth and Sullivan, Ryan and Santos, Luis and Dieffendahl, Clemens and Williams, Niall L and Lokesh, Yashas and Horsch, Caroline and others},
  journal={arXiv preprint arXiv:2009.14471},
  year={2020}
}

@misc{openaicoastrunner,
  title = {Faulty Reward Functions in the Wild},
  howpublished = {\url{https://openai.com/blog/faulty-reward-functions/}},
  note = {Accessed: 2021-08-02}
}

@article{brockman2016,
  title={Openai gym},
  author={Brockman, Greg and Cheung, Vicki and Pettersson, Ludwig and Schneider, Jonas and Schulman, John and Tang, Jie and Zaremba, Wojciech},
  journal={arXiv preprint arXiv:1606.01540},
  year={2016}
}

@inproceedings{mackenzie2003,
  title={Phrase sets for evaluating text entry techniques},
  author={MacKenzie, I Scott and Soukoreff, R William},
  booktitle={CHI'03 extended abstracts on Human factors in computing systems},
  pages={754--755},
  year={2003}
}

@inproceedings{greiffenhagen2013,
  title={Is Replication Important for HCI?},
  author={Greiffenhagen, Christian and Reeves, Stuart},
  booktitle={RepliCHI},
  pages={8--13},
  year={2013}
}


@article{rendle2019,
  title={On the difficulty of evaluating baselines: A study on recommender systems},
  author={Rendle, Steffen and Zhang, Li and Koren, Yehuda},
  journal={arXiv preprint arXiv:1905.01395},
  year={2019}
}


@inproceedings{lin2019,
  title={The neural hype and comparisons against weak baselines},
  author={Lin, Jimmy},
  booktitle={ACM SIGIR Forum},
  volume={52},
  number={2},
  pages={40--51},
  year={2019},
  organization={ACM New York, NY, USA}
}

wilson2011
RepliCHI - CHI should be replicating and validating
results more: discuss


bennett2013
Collaboration and Team Science: From Theory to Practice
